%YAML 1.1
%TAG !u! tag:unity3d.com,2011:
--- !u!1001 &100100000
Prefab:
  m_ObjectHideFlags: 1
  serializedVersion: 2
  m_Modification:
    m_TransformParent: {fileID: 0}
    m_Modifications: []
    m_RemovedComponents: []
  m_ParentPrefab: {fileID: 0}
  m_RootGameObject: {fileID: 1687035653833914}
  m_IsPrefabParent: 1
--- !u!1 &1687035653833914
GameObject:
  m_ObjectHideFlags: 0
  m_PrefabParentObject: {fileID: 0}
  m_PrefabInternal: {fileID: 100100000}
  serializedVersion: 5
  m_Component:
  - component: {fileID: 4030385810871168}
  m_Layer: 0
  m_Name: building
  m_TagString: Untagged
  m_Icon: {fileID: 0}
  m_NavMeshLayer: 0
  m_StaticEditorFlags: 0
  m_IsActive: 1
--- !u!1 &1818495815535680
GameObject:
  m_ObjectHideFlags: 0
  m_PrefabParentObject: {fileID: 0}
  m_PrefabInternal: {fileID: 100100000}
  serializedVersion: 5
  m_Component:
  - component: {fileID: 4211153072811444}
  - component: {fileID: 33403189678437354}
  - component: {fileID: 23443720537352858}
  m_Layer: 0
  m_Name: default
  m_TagString: Untagged
  m_Icon: {fileID: 0}
  m_NavMeshLayer: 0
  m_StaticEditorFlags: 0
  m_IsActive: 1
--- !u!4 &4030385810871168
Transform:
  m_ObjectHideFlags: 1
  m_PrefabParentObject: {fileID: 0}
  m_PrefabInternal: {fileID: 100100000}
  m_GameObject: {fileID: 1687035653833914}
  m_LocalRotation: {x: 0, y: 0, z: 1, w: 0}
  m_LocalPosition: {x: -0, y: 0, z: 0}
  m_LocalScale: {x: 21, y: 21, z: 21}
  m_Children:
  - {fileID: 4211153072811444}
  m_Father: {fileID: 0}
  m_RootOrder: 0
  m_LocalEulerAnglesHint: {x: 0, y: 0, z: 180}
--- !u!4 &4211153072811444
Transform:
  m_ObjectHideFlags: 1
  m_PrefabParentObject: {fileID: 0}
  m_PrefabInternal: {fileID: 100100000}
  m_GameObject: {fileID: 1818495815535680}
  m_LocalRotation: {x: 0, y: -0, z: -0, w: 1}
  m_LocalPosition: {x: -0, y: 0, z: 0}
  m_LocalScale: {x: 1, y: 1, z: 1}
  m_Children: []
  m_Father: {fileID: 4030385810871168}
  m_RootOrder: 0
  m_LocalEulerAnglesHint: {x: 0, y: 0, z: 0}
--- !u!23 &23443720537352858
MeshRenderer:
  m_ObjectHideFlags: 1
  m_PrefabParentObject: {fileID: 0}
  m_PrefabInternal: {fileID: 100100000}
  m_GameObject: {fileID: 1818495815535680}
  m_Enabled: 1
  m_CastShadows: 1
  m_ReceiveShadows: 1
  m_MotionVectors: 1
  m_LightProbeUsage: 1
  m_ReflectionProbeUsage: 1
  m_Materials:
  - {fileID: 2100000, guid: f98147c88d28c5644918d5d1b69e5b71, type: 2}
  - {fileID: 2100000, guid: 801517f2b885fca448d93500b00c31b9, type: 2}
  - {fileID: 2100000, guid: dea778dfd21b6c243b46f19b2b6a4597, type: 2}
  - {fileID: 2100000, guid: 6a5b6d9b8abc9454986087acbe5a2918, type: 2}
  - {fileID: 2100000, guid: 605a7aa14b5f2a248acf8e8d7313ddb1, type: 2}
  - {fileID: 2100000, guid: c4c54ad65542572408f8408eb965c642, type: 2}
  - {fileID: 2100000, guid: 78bf5d1f6c105ce43a894f34c074a1a4, type: 2}
  - {fileID: 2100000, guid: 4480ab9df2d71ca4597a8daf4b4a66b3, type: 2}
  - {fileID: 2100000, guid: d90f0090edb2fcb4f92020507438d9e8, type: 2}
  - {fileID: 2100000, guid: 3661159d75e48ff458932e8591c962c6, type: 2}
  - {fileID: 2100000, guid: c565628cd0a8096419d2df95035a79f6, type: 2}
  - {fileID: 2100000, guid: 6bf6b199de5292f4a940600be20724ff, type: 2}
  - {fileID: 2100000, guid: dd1f63792a0ae7045aea8eb0566b77e9, type: 2}
  - {fileID: 2100000, guid: ba8074e29b417504d96ed378ce6c393e, type: 2}
  - {fileID: 2100000, guid: 250c5a039e8e9a54aa060dd14bccec5f, type: 2}
  - {fileID: 2100000, guid: d2d2a4c1544476b4885d3e6854e030fd, type: 2}
  - {fileID: 2100000, guid: 923c38f04857eac49afbece93cf3eb97, type: 2}
  - {fileID: 2100000, guid: b8303caa30f24b14d9011107b3187986, type: 2}
  - {fileID: 2100000, guid: c4ab3dd83d22e6741bc91e8bc15bb5a8, type: 2}
  - {fileID: 2100000, guid: 788d776dc0ebcb54aa2047899e0fa25f, type: 2}
  - {fileID: 2100000, guid: bb672fe2f05ff3f4992498607052f57d, type: 2}
  - {fileID: 2100000, guid: 83451933cadce43488ae42a5650720ec, type: 2}
  - {fileID: 2100000, guid: d9bb2051299ee0543a8345add9896798, type: 2}
  - {fileID: 2100000, guid: a6fa5e5b0e0c67848ab022337aef6d12, type: 2}
  - {fileID: 2100000, guid: 3709fc41d02b5ae42b52f34f79c4de9c, type: 2}
  - {fileID: 2100000, guid: 6f53130b07b18d94a901544c33d7c3d6, type: 2}
  - {fileID: 2100000, guid: a0dea8a01309df7458c45dd9bf6cf065, type: 2}
  - {fileID: 2100000, guid: 8e576399fb6630e48a0439cc62e03ad4, type: 2}
  - {fileID: 2100000, guid: e5b4bd0e5cd90cd41b71b5e117666ba0, type: 2}
  - {fileID: 2100000, guid: 357f86d3b9f84524faf38fa827fdd590, type: 2}
  - {fileID: 2100000, guid: da429475a76ed324bb305b41471b1a62, type: 2}
  - {fileID: 2100000, guid: 9e84020f5491785418299a2e05fc3f07, type: 2}
  - {fileID: 2100000, guid: 65ac41bc7d3353745a6d284644e6de40, type: 2}
  - {fileID: 2100000, guid: f022cdbcc2251bb48b1f218a541513e3, type: 2}
  - {fileID: 2100000, guid: eba91dc6b5398dd478e3ac9932efa779, type: 2}
  - {fileID: 2100000, guid: 48dde64aa2d76254d8993d0bd8503c2c, type: 2}
  - {fileID: 2100000, guid: c79003b9eb9d93a4fb60644412bb3bd5, type: 2}
  - {fileID: 2100000, guid: da84565dc3d7cdb48806cc2a9c83f38a, type: 2}
  - {fileID: 2100000, guid: 3d6ca07c9f5c2eb47b109d956a234055, type: 2}
  - {fileID: 2100000, guid: f297e2318e4f835428a7ad774af756d6, type: 2}
  - {fileID: 2100000, guid: 25366ea41eac20c46ac1ec8decdcadc0, type: 2}
  - {fileID: 2100000, guid: 3c40e1b49d1607c4284e0cc8b219ab6a, type: 2}
  - {fileID: 2100000, guid: 6febe2f36e280f645aee26654d0639d2, type: 2}
  - {fileID: 2100000, guid: e35f3be1d2e92b641b86e6b3563c7286, type: 2}
  - {fileID: 2100000, guid: 1086138da0da1e44799a627760b12885, type: 2}
  - {fileID: 2100000, guid: 8c7ffde7b6d8cef4184e189743aaf104, type: 2}
  - {fileID: 2100000, guid: 600f966529c0b7f47a757cbba7b3f6c6, type: 2}
  - {fileID: 2100000, guid: 060b3c6bfe6aa254db85090008e77ebb, type: 2}
  - {fileID: 2100000, guid: 245d4b4b718e44b44852a4f9f2b9e969, type: 2}
  m_StaticBatchInfo:
    firstSubMesh: 0
    subMeshCount: 0
  m_StaticBatchRoot: {fileID: 0}
  m_ProbeAnchor: {fileID: 0}
  m_LightProbeVolumeOverride: {fileID: 0}
  m_ScaleInLightmap: 1
  m_PreserveUVs: 0
  m_IgnoreNormalsForChartDetection: 0
  m_ImportantGI: 0
  m_SelectedEditorRenderState: 3
  m_MinimumChartSize: 4
  m_AutoUVMaxDistance: 0.5
  m_AutoUVMaxAngle: 89
  m_LightmapParameters: {fileID: 0}
  m_SortingLayerID: 0
  m_SortingLayer: 0
  m_SortingOrder: 0
--- !u!33 &33403189678437354
MeshFilter:
  m_ObjectHideFlags: 1
  m_PrefabParentObject: {fileID: 0}
  m_PrefabInternal: {fileID: 100100000}
  m_GameObject: {fileID: 1818495815535680}
  m_Mesh: {fileID: 4300000, guid: 024bc008b98554a4e8bd0fc3a0d57edf, type: 3}
